@string{ACMTMS="ACM Trans. Math. Softw."}

@inproceedings{PGAS14,
 author = {Fanfarillo, A. and Burnus, T. and Cardellini, V. and Filippone, S. and Nagle, D. and Rouson, D.},
 title = "{OpenCoarrays}: Open-source Transport Layers Supporting Coarray Fortran Compilers",
 booktitle = {Proc. of  8th Int'l Conf. on Partitioned Global Address Space Programming Models},
 series = {PGAS '14},
 year = {2014},
 isbn = {978-1-4503-3247-7},
 location = {Eugene, OR, USA},
 pages = {4:1--4:11},
 articleno = {4},
 numpages = {11},
 url = {http://doi.acm.org/10.1145/2676870.2676876},
 doi = {10.1145/2676870.2676876},
 acmid = {2676876},
 publisher = {ACM},
 keywords = {Coarrays, Fortran, GCC, HPC, PGAS},
} 
 address = {New York, NY, USA},
 
 @article{PSBLAS,
        author     = {Filippone, S. and Colajanni, M.},
        title      = "{PSBLAS}: a library for parallel linear algebra computations on sparse matrices",
        journal    = ACMTMS,
        volume = {26},
        number = {4},
        month = dec,
        pages      = "527--550",
        year       = 2000
}

@ARTICLE{mld-toms,
    AUTHOR = {D'Ambra, P. and di Serafino, D. and Filippone, S.},
     TITLE = "{MLD2P4}: a Package of Parallel Algebraic Multilevel Domain Decomposition Preconditioners in {Fortran 95}",
     JOURNAL = ACMTMS,
     VOLUME = "37",
     YEAR = "2010",
     number=3
}

@article{PSBLAS3,
 author = {Filippone, S. and Buttari, A.},
 title = "Object-Oriented Techniques for Sparse Matrix Computations in {F}ortran 2003",
     JOURNAL = ACMTMS,
 volume = {38},
 number = {4},
 month = aug,
 year = {2012},
 issn = {0098-3500},
 pages = {23:1--23:20},
 articleno = {23},
 numpages = {20},
 url = {http://doi.acm.org/10.1145/2331130.2331131},
 doi = {10.1145/2331130.2331131},
 acmid = {2331131},
 publisher = {ACM},
 address = {New York, NY, USA},
 keywords = {Mathematics of computing, object-oriented design, sparse matrices},
} 

@Inbook{Numrich:1998,
author={Numrich, R. W. and Reid, J. and Kim, K.},
title="Writing a multigrid solver using Co-array Fortran",
bookTitle={Proc. of 4th Int' Workshop on Applied Parallel Computing}, 
series = {PARA '98}, 
year="1998",
publisher="Springer Berlin Heidelberg",
pages="390--399",
isbn="978-3-540-49261-0",
doi="10.1007/BFb0095362",
url="http://dx.doi.org/10.1007/BFb0095362"
}
address="Berlin, Heidelberg    ",

@article{Garain:2015,
 author = {Garain, S. and Balsara, D. S. and Reid, J.},
 title = "{Comparing Coarray Fortran (CAF) with MPI for several structured mesh PDE applications}",
 journal = {J. Comput. Phys.},
 volume = {297},
 number = {C},
 month = sep,
 year = {2015},
 issn = {0021-9991},
 pages = {237--253},
 numpages = {17},
 url = {http://dx.doi.org/10.1016/j.jcp.2015.05.020},
 doi = {10.1016/j.jcp.2015.05.020},
 acmid = {2808272},
 publisher = {Academic Press Professional, Inc.},
 address = {San Diego, CA, USA},
 keywords = {CFD, FFT, MultiGrid, PDEs, Parallel computing, PetaScale},
} 

@incollection{chapel,
  author      = "Chamberlain, B.L.",
  title       = "Chapel",
  editor      = "",
  booktitle   = "Programming Models for Parallel Computing",
  publisher   = "MIT Press",
  address     = "",
  year        = 2015,
  pages       = "129-159",
  chapter     = 6,
}

@MISC{Chamberlain13chapel,
    author = "{Chamberlain, B.L. and Cray Inc.}",
    title = {Chapel},
    year = {2013},
    note = "\url{http://chapel.cray.com}",
}

@article{CAF,
   author =   {Numrich, R. and Reid, J.},
 title = "{Co-array Fortran for parallel programming}",
 journal = {SIGPLAN Fortran Forum},
 issue_date = {Aug. 1998},
 volume = {17},
 number = {2},
 month = aug,
 year = {1998},
 issn = {1061-7264},
 pages = {1--31},
 numpages = {31},
 acmid = {289920},
 publisher = {ACM},
 address = {New York, NY, USA},
} 
 url = {http://doi.acm.org/10.1145/289918.289920},
 doi = {10.1145/289918.289920},

@techreport{UPCSpec,
  added-at = {2010-04-04T00:52:51.000+0200},
  author = "{UPC Consortium}",
  biburl = {http://www.bibsonomy.org/bibtex/2dbdf1446975b55ff9677d4a41e1f7335/gron},
  institution = {Lawrence Berkeley National Lab},
  interhash = {c6e55131d3d20bdbfb9968d3ee08febb},
  intrahash = {dbdf1446975b55ff9677d4a41e1f7335},
  keywords = {PGAS UPC},
  number = {LBNL-59208},
  timestamp = {2010-04-04T00:52:51.000+0200},
  title = "{UPC Language Specifications, v1.2}",
  type = {Tech Report},
  year = 2005
}
  url = {http://www.gwu.edu/~upc/publications/LBNL-59208.pdf},

@article{Charles:2005,
 author = {Charles, Philippe and Grothoff, Christian and Saraswat, Vijay and Donawa, Christopher and Kielstra, Allan and Ebcioglu, Kemal and von Praun, Christoph and Sarkar, Vivek},
 title = {X10: An Object-oriented Approach to Non-uniform Cluster Computing},
 journal = {SIGPLAN Not.},
 issue_date = {October 2005},
 volume = {40},
 number = {10},
 month = oct,
 year = {2005},
 issn = {0362-1340},
 pages = {519--538},
 numpages = {20},
 url = {http://doi.acm.org/10.1145/1103845.1094852},
 doi = {10.1145/1103845.1094852},
 acmid = {1094852},
 publisher = {ACM},
 address = {New York, NY, USA},
 keywords = {Java, X10, atomic blocks, clocks, data distribution, multithreading, non-uniform cluster computing (NUCC), partitioned global address space (PGAS), places, productivity, scalability},
} 

@book{Metcalf:2011:MFE,
 author = {Metcalf, Michael and Reid, John and Cohen, Malcolm},
 title = {Modern Fortran Explained},
 year = {2011},
 isbn = {0199601410, 9780199601417},
 edition = {4th},
 publisher = {Oxford University Press, Inc.},
 address = {New York, NY, USA},
} 