@InProceedings{•,
author = {•},
title = {•},
booktitle = {•},
OPTcrossref = {•},
OPTkey = {•},
OPTpages = {•},
OPTyear = {•},
OPTeditor = {•},
OPTvolume = {•},
OPTnumber = {•},
OPTseries = {•},
OPTaddress = {•},
OPTmonth = {•},
OPTorganization = {•},
OPTpublisher = {•},
OPTnote = {•},
OPTannote = {•}
}
@string{ACMTMS="ACM Trans. Math. Softw."}

@inproceedings{PGAS14,
 author = {Fanfarillo, A. and Burnus, T. and Cardellini, V. and Filippone, S. and Nagle, D. and Rouson, D.},
 title = "{OpenCoarrays}: Open-source Transport Layers Supporting Coarray Fortran Compilers",
 booktitle = {Proc. of  8th Int'l Conf. on Partitioned Global Address Space Programming Models},
 series = {PGAS '14},
 year = {2014},
 isbn = {978-1-4503-3247-7},
 location = {Eugene, OR, USA},
 pages = {4:1--4:11},
 articleno = {4},
 numpages = {11},
 url = {http://doi.acm.org/10.1145/2676870.2676876},
 doi = {10.1145/2676870.2676876},
 acmid = {2676876},
 publisher = {ACM},
 keywords = {Coarrays, Fortran, GCC, HPC, PGAS},
}
 address = {New York, NY, USA},
 
 @article{PSBLAS,
        author     = {Filippone, S. and Colajanni, M.},
        title      = "{PSBLAS}: a library for parallel linear algebra computations on sparse matrices",
        journal    = ACMTMS,
        volume = {26},
        number = {4},
        month = dec,
        pages      = "527--550",
        year       = 2000
}

@ARTICLE{mld-toms,
    AUTHOR = {D'Ambra, P. and di Serafino, D. and Filippone, S.},
     TITLE = "{MLD2P4}: a Package of Parallel Algebraic Multilevel Domain Decomposition Preconditioners in {Fortran 95}",
     JOURNAL = ACMTMS,
     VOLUME = "37",
     YEAR = "2010",
     number=3
}

@article{PSBLAS3,
 author = {Filippone, S. and Buttari, A.},
 title = "Object-Oriented Techniques for Sparse Matrix Computations in {F}ortran 2003",
     JOURNAL = ACMTMS,
 volume = {38},
 number = {4},
 month = aug,
 year = {2012},
 issn = {0098-3500},
 pages = {23:1--23:20},
 articleno = {23},
 numpages = {20},
 url = {http://doi.acm.org/10.1145/2331130.2331131},
 doi = {10.1145/2331130.2331131},
 acmid = {2331131},
 publisher = {ACM},
 address = {New York, NY, USA},
 keywords = {Mathematics of computing, object-oriented design, sparse matrices},
} 

@Inbook{Numrich:1998,
author={Numrich, R. W. and Reid, J. and Kim, K.},
title="Writing a multigrid solver using Co-array Fortran",
bookTitle={Proc. of 4th Int' Workshop on Applied Parallel Computing}, 
series = {PARA '98}, 
year="1998",
publisher="Springer Berlin Heidelberg",
pages="390--399",
isbn="978-3-540-49261-0",
doi="10.1007/BFb0095362",
url="http://dx.doi.org/10.1007/BFb0095362"
}
address="Berlin, Heidelberg    ",

@article{Garain:2015,
 author = {Garain, S. and Balsara, D. S. and Reid, J.},
 title = "{Comparing Coarray Fortran (CAF) with MPI for several structured mesh PDE applications}",
 journal = {J. Comput. Phys.},
 volume = {297},
 number = {C},
 month = sep,
 year = {2015},
 issn = {0021-9991},
 pages = {237--253},
 numpages = {17},
 url = {http://dx.doi.org/10.1016/j.jcp.2015.05.020},
 doi = {10.1016/j.jcp.2015.05.020},
 acmid = {2808272},
 publisher = {Academic Press Professional, Inc.},
 address = {San Diego, CA, USA},
 keywords = {CFD, FFT, MultiGrid, PDEs, Parallel computing, PetaScale},
} 

@incollection{chapel,
  author      = "Chamberlain, B.L.",
  title       = "Chapel",
  editor      = "",
  booktitle   = "Programming Models for Parallel Computing",
  publisher   = "MIT Press",
  address     = "",
  year        = 2015,
  pages       = "129-159",
  chapter     = 6,
}

@MISC{Chamberlain13chapel,
    author = "{Chamberlain, B.L. and Cray Inc.}",
    title = {Chapel},
    year = {2013},
    note = "\url{http://chapel.cray.com}",
}

@article{CAF,
   author =   {Numrich, R. and Reid, J.},
 title = "{Co-array Fortran for parallel programming}",
 journal = {SIGPLAN Fortran Forum},
 issue_date = {Aug. 1998},
 volume = {17},
 number = {2},
 month = aug,
 year = {1998},
 issn = {1061-7264},
 pages = {1--31},
 numpages = {31},
 acmid = {289920},
 publisher = {ACM},
 address = {New York, NY, USA},
} 
 url = {http://doi.acm.org/10.1145/289918.289920},
 doi = {10.1145/289918.289920},

@techreport{UPCSpec,
  added-at = {2010-04-04T00:52:51.000+0200},
  author = "{UPC Consortium}",
  biburl = {http://www.bibsonomy.org/bibtex/2dbdf1446975b55ff9677d4a41e1f7335/gron},
  institution = {Lawrence Berkeley National Lab},
  interhash = {c6e55131d3d20bdbfb9968d3ee08febb},
  intrahash = {dbdf1446975b55ff9677d4a41e1f7335},
  keywords = {PGAS UPC},
  number = {LBNL-59208},
  timestamp = {2010-04-04T00:52:51.000+0200},
  title = "{UPC Language Specifications, v1.2}",
  type = {Tech Report},
  year = 2005
}
  url = {http://www.gwu.edu/~upc/publications/LBNL-59208.pdf},

@article{Charles:2005,
 author = {Charles, Philippe and Grothoff, Christian and Saraswat, Vijay and Donawa, Christopher and Kielstra, Allan and Ebcioglu, Kemal and von Praun, Christoph and Sarkar, Vivek},
 title = {X10: An Object-oriented Approach to Non-uniform Cluster Computing},
 journal = {SIGPLAN Not.},
 issue_date = {October 2005},
 volume = {40},
 number = {10},
 month = oct,
 year = {2005},
 issn = {0362-1340},
 pages = {519--538},
 numpages = {20},
 url = {http://doi.acm.org/10.1145/1103845.1094852},
 doi = {10.1145/1103845.1094852},
 acmid = {1094852},
 publisher = {ACM},
 address = {New York, NY, USA},
 keywords = {Java, X10, atomic blocks, clocks, data distribution, multithreading, non-uniform cluster computing (NUCC), partitioned global address space (PGAS), places, productivity, scalability},
} 

@book{Metcalf:2011:MFE,
 author = {Metcalf, Michael and Reid, John and Cohen, Malcolm},
 title = {Modern Fortran Explained},
 year = {2011},
 isbn = {0199601410, 9780199601417},
 edition = {4th},
 publisher = {Oxford University Press, Inc.},
 address = {New York, NY, USA},
} 

@book{barrett1994templates,
  title={Templates for the solution of linear systems: building blocks for iterative methods},
  author={Barrett, Richard and Berry, Michael and Chan, Tony F and Demmel, James and Donato, June and Dongarra, Jack and Eijkhout, Victor and Pozo, Roldan and Romine, Charles and Van der Vorst, Henk},
  year={1994},
  publisher={SIAM}
}

@article{brandt1977multi,
  title={Multi-level adaptive solutions to boundary-value problems},
  author={Brandt, Achi},
  journal={Mathematics of computation},
  volume={31},
  number={138},
  pages={333--390},
  year={1977}
}

@book{saad2003iterative,
  title={Iterative methods for sparse linear systems},
  author={Saad, Yousef},
  year={2003},
  publisher={SIAM}
}

@article{bramble1990parallel,
  title={Parallel multilevel preconditioners},
  author={Bramble, James H and Pasciak, Joseph E and Xu, Jinchao},
  journal={Mathematics of Computation},
  volume={55},
  number={191},
  pages={1--22},
  year={1990}
}

@article{duff2002overview,
  title={An overview of the sparse basic linear algebra subprograms: The new standard from the BLAS technical forum},
  author={Duff, Iain S and Heroux, Michael A and Pozo, Roldan},
  journal={ACM Transactions on Mathematical Software (TOMS)},
  volume={28},
  number={2},
  pages={239--267},
  year={2002},
  publisher={ACM}
}

@article{whaley1997user,
  title={A User's Guide to the BLACS v1. 1},
  author={Whaley, R Clint and Dongarra, J},
  journal={Computer Science Departement, University of Tennessee Knoxville},
  volume={5},
  year={1997}
}

@article{ipsen1998idea,
  title={The idea behind Krylov methods},
  author={Ipsen, Ilse CF and Meyer, Carl D},
  journal={American Mathematical Monthly},
  pages={889--899},
  year={1998},
  publisher={JSTOR}
}

@misc{shewchuk1994introduction,
  title={An introduction to the conjugate gradient method without the agonizing pain},
  author={Shewchuk, Jonathan Richard and others},
  year={1994},
  publisher={Carnegie-Mellon University. Department of Computer Science}
}

@article{saad1986gmres,
  title={GMRES: A generalized minimal residual algorithm for solving nonsymmetric linear systems},
  author={Saad, Youcef and Schultz, Martin H},
  journal={SIAM Journal on scientific and statistical computing},
  volume={7},
  number={3},
  pages={856--869},
  year={1986},
  publisher={SIAM}
}

@article{van1992bi,
  title={Bi-CGSTAB: A fast and smoothly converging variant of Bi-CG for the solution of nonsymmetric linear systems},
  author={Van der Vorst, Henk A},
  journal={SIAM Journal on scientific and Statistical Computing},
  volume={13},
  number={2},
  pages={631--644},
  year={1992},
  publisher={SIAM}
}
